@article{freeman1996some,
  title={Some antecedents of social network analysis},
  author={Freeman, Linton C},
  journal={Connections},
  volume={19},
  number={1},
  pages={39--42},
  year={1996}
}

@book{wasserman1994social,
  title={Social network analysis: Methods and applications},
  author={Wasserman, Stanley and Faust, Katherine},
  volume={8},
  year={1994},
  publisher={Cambridge university press}
}


@article{pritchard1969statistical,
  title={Statistical bibliography or bibliometrics},
  author={Pritchard, Alan and others},
  journal={Journal of documentation},
  volume={25},
  number={4},
  pages={348--349},
  year={1969},
  publisher={London}
}

@article{osareh1996bibliometrics,
  title={Bibliometrics, citation analysis and co-citation analysis: A review of literature I},
  author={Osareh, Farideh},
  journal={Libri},
  volume={46},
  number={3},
  pages={149--158},
  year={1996},
  publisher={Walter de Gruyter, Berlin/New York}
}

@article{otte2002social,
  title={Social network analysis: a powerful strategy, also for the information sciences},
  author={Otte, Evelien and Rousseau, Ronald},
  journal={Journal of information Science},
  volume={28},
  number={6},
  pages={441--453},
  year={2002},
  publisher={Sage Publications Sage CA: Thousand Oaks, CA}
}

@article{Sonnenwald,
abstract = {Other chapters, in particular those by Christina Courtright, Jeppe Nicolaisen, Soo Young Rieh and David Danielson, and Diane Sonnenwald, approach familiar topics from an original, or revised, angle: context in the case of information seeking; signaling in the case of citation behavior; credibility in the case of information systems use; factors and stages in the case of scientific collaboration.},
archivePrefix = {arXiv},
arxivId = {arXiv:1011.1669v3},
author = {Sonnenwald, Diane H and Sonnenwald, Diane H},
doi = {10.1002/aris.2007.1440410121},
eprint = {arXiv:1011.1669v3},
isbn = {9780262151207},
issn = {00664200},
journal = {Annual Review of Information Science and Technology (ARIST)},
keywords = {Cooperaci{\'{o}}n,Investigaci{\'{o}}n,Redes cient{\'{i}}ficas},
pages = {643--681},
pmid = {21344057},
title = {{Scientific Collaboration}},
url = {http://europa.eu.int/comm/},
volume = {41},
year = {2007}
}

@article{Barabasi2001,
abstract = {The co-authorship network of scientists represents a prototype of complex evolving networks. In addition, it offers one of the most extensive database to date on social networks. By mapping the electronic database containing all relevant journals in mathematics and neuro-science for an eight-year period (1991-98), we infer the dynamic and the structural mechanisms that govern the evolution and topology of this complex system. Three complementary approaches allow us to obtain a detailed characterization. First, empirical measurements allow us to uncover the topological measures that characterize the network at a given moment, as well as the time evolution of these quantities. The results indicate that the network is scale-free, and that the network evolution is governed by preferential attachment, affecting both internal and external links. However, in contrast with most model predictions the average degree increases in time, and the node separation decreases. Second, we propose a simple model that captures the network's time evolution. In some limits the model can be solved analytically, predicting a two-regime scaling in agreement with the measurements. Third, numerical simulations are used to uncover the behavior of quantities that could not be predicted analytically. The combined numerical and analytical results underline the important role internal links play in determining the observed scaling behavior and network topology. The results and methodologies developed in the context of the co-authorship network could be useful for a systematic study of other complex evolving networks as well, such as the world wide web, Internet, or other social networks.},
author = {Barab{\'{a}}si, A L and Jeong, H and N{\'{e}}da, Z and Ravasz, E and Schubert, A and Vicsek, T},
title = {{Evolution of the social network of scientific collaborations}},
url = {https://arxiv.org/pdf/cond-mat/0104162.pdf},
year = {2001}
}

@book{de2018exploratory,
  title={Exploratory social network analysis with Pajek},
  author={De Nooy, Wouter and Mrvar, Andrej and Batagelj, Vladimir},
  year={2018},
  publisher={Cambridge University Press}
}

@article{barabasi2002evolution,
  title={Evolution of the social network of scientific collaborations},
  author={Barab{\^a}si, Albert-Laszlo and Jeong, Hawoong and N{\'e}da, Zoltan and Ravasz, Erzsebet and Schubert, Andras and Vicsek, Tamas},
  journal={Physica A: Statistical mechanics and its applications},
  volume={311},
  number={3-4},
  pages={590--614},
  year={2002},
  publisher={Elsevier}
}

@article{barabasi2003everything,
  title={How everything is connected to everything else and what it means for business, science and everyday life},
  author={Barabasi, Albert-Laszlo Linked},
  journal={New York: Plume},
  year={2003}
}

@techreport{Newman2004,
abstract = {By using data from three bibliographic databases in biology, physics, and mathematics, respectively, networks are constructed in which the nodes are scientists, and two scientists are connected if they have coauthored a paper. We use these networks to answer a broad variety of questions about collaboration patterns, such as the numbers of papers authors write, how many people they write them with, what the typical distance between scientists is through the network, and how patterns of collaboration vary between subjects and over time. We also summarize a number of recent results by other authors on coauthorship patterns.},
author = {Newman, M E J},
title = {{Coauthorship networks and patterns of scientific collaboration}},
url = {www.pnas.orgcgidoi10.1073pnas.0307545100},
year = {2004},
institution = {Center for the Study of Complex Systems and Department of Physics, University of Michigan}
}


@techreport{Da2006,
abstract = {Each complex network (or class of networks) presents specific topologi-cal features which characterize its connectivity and highly influence the dynamics of processes executed on the network. The analysis, discrimination, and synthesis of complex networks therefore rely on the use of measurements capable of expressing the most relevant topological features. This article presents a survey of such measurements. It includes general considerations about complex network characterization, a brief review of the principal models , and the presentation of the main existing measurements. Important related issues covered in this work comprise the representation of the evolution of complex networks in terms of trajectories in several measurement spaces, the analysis of the correlations between some of the most traditional measurements , perturbation analysis, as well as the use of multivariate statistics for feature selection and network classification. Depending on the network and the analysis task one has in mind, a specific set of features may be chosen. It is hoped that the present survey will help the proper application and interpretation of measurements.},
archivePrefix = {arXiv},
arxivId = {arXiv:cond-mat/0505185v5},
author = {Da, L and Costa, F and Rodrigues, F A and Travieso, G and {Villas Boas}, P R},
eprint = {0505185v5},
title = {{Characterization of Complex Networks: A Survey of measurements}},
url = {https://arxiv.org/pdf/cond-mat/0505185.pdf},
year = {2006}
}


@article{Vanz2010,
abstract = {{\textless}p{\textgreater}A colabora{\c{c}}{\~{a}}o vem despertando interesse da comunidade cient{\'{i}}fica h{\'{a}} alguns anos e muitos estudos foram realizados para conhecer a evolu{\c{c}}{\~{a}}o do fen{\^{o}}meno e sua rela{\c{c}}{\~{a}}o com a ci{\^{e}}ncia e sua comunica{\c{c}}{\~{a}}o. Apresenta uma revis{\~{a}}o dos aspectos te{\'{o}}ricos e conceituais da co-autoria e da colabora{\c{c}}{\~{a}}o cient{\'{i}}fica na literatura nacional e internacional, buscando definir esta pr{\'{a}}tica sob diferentes perspectivas e indicando algumas das motiva{\c{c}}{\~{o}}es que levam {\`{a}} colabora{\c{c}}{\~{a}}o.{\textless}/p{\textgreater}},
author = {Vanz, Samile Andrea de Souza and Stumpf, Ida Regina Chitt{\'{o}}},
doi = {10.1590/S1413-99362010000200004},
isbn = {1413-9936},
issn = {1413-9936},
journal = {Perspectivas em Ci{\^{e}}ncia da Informa{\c{c}}{\~{a}}o},
number = {2},
pages = {42--55},
title = {{Colabora{\c{c}}{\~{a}}o cient{\'{i}}fica: revis{\~{a}}o te{\'{o}}rico-conceitual}},
url = {http://www.scielo.br/scielo.php?script=sci{\_}arttext{\&}pid=S1413-99362010000200004{\&}lng=pt{\&}tlng=pt},
volume = {15},
year = {2010}
}

@article{Otte2002,
abstract = {Social network analysis (SNA) is not a formal theory in sociology but rather a strategy for investigating social structures. As it is an idea that can be applied in many fields, we study, in particular, its influence in the information sciences. Information scientists study publication, citation and co-citation networks, collaboration structures and other forms of social interaction networks. Moreover, the Internet represents a social network of an unprecedented scale. In all these studies social network analysis can successfully be applied. SNA is further related to recent theories concerning the free market economy, geography and transport networks. The growth of SNA is documented and a co-author network of SNA is drawn. Centrality measures of the SNA network are calculated.},
author = {Otte, Evelien and Rousseau, Ronald},
doi = {10.1177/016555150202800601},
isbn = {0165551502028},
issn = {01655515},
journal = {Journal of Information Science},
number = {6},
pages = {441--453},
pmid = {9033354},
title = {{Social network analysis: A powerful strategy, also for the information sciences}},
volume = {28},
year = {2002}
}

@article{Acedo2006,
abstract = {In recent decades there has been growing interest in the nature and scale of scientific collaboration. Studies into co-authorship have taken two different approaches. The first one attempts to analyse the reasons why authors collaborate and the consequences of such decision (Laband and Tollison, 2000). The second approach is based on the idea that co-authorship creates a social network of researchers (Barab{\'{a}}si et al., 2002; Moody, 2004; Newman, 2001). In this study we have carried out an exploratory analysis of co-authorships in the field of management from the two aforementioned approaches. The results obtained show a growing tendency of the co-authored papers in the field of management, similar to what can be observed in other disciplines. Our study analyses some of the underpinning factors, which have been highlighted in the literature, explaining this tendency. Thus, the progressive quantitative character of research and the influence of the collaboration on the articles' impact are enhanced. The network analysis permits the exploration of the peculiarities of the management in comparison with other fields of knowledge, as well as the existing linkages between the most central and prominent authors within this discipline.},
author = {Acedo, Francisco Jos{\'{e}} and Barroso, Carmen and Casanueva, Crist{\'{o}}bal and Gal{\'{a}}n, Jos{\'{e}} Luis},
doi = {10.1111/j.1467-6486.2006.00625.x},
isbn = {1467-6486},
issn = {00222380},
journal = {Journal of Management Studies},
number = {5},
pages = {957--983},
title = {{Co-authorship in management and organizational studies: An empirical and network analysis}},
volume = {43},
year = {2006}
}


@article{Bordin2014,
abstract = {{\textless}p{\textgreater}O entendimento da rede de colabora{\c{c}}{\~{a}}o de um departamento de P{\'{o}}s-gradua{\c{c}}{\~{a}}o permite a identifica{\c{c}}{\~{a}}o de uma s{\'{e}}rie de itens relacionados ao processo de colabora{\c{c}}{\~{a}}o cient{\'{i}}fica, tais como: n{\'{i}}vel de colabora{\c{c}}{\~{a}}o da comunidade envolvida, dist{\^{a}}ncia m{\'{e}}dia entre os colaboradores, autores que mais colaboram, grupos que colaboram com mais intensidade, etc. Atrav{\'{e}}s da produ{\c{c}}{\~{a}}o bibliogr{\'{a}}fica informada ao sistema Coleta de Dados da CAPES, referente ao per{\'{i}}odo de 2005-2012, redes de coautoria foram criadas e analisadas atrav{\'{e}}s de m{\'{e}}tricas de an{\'{a}}lise de rede social. Foi encontrado um {\'{i}}ndice m{\'{e}}dio de colabora{\c{c}}{\~{a}}o de 3,4 autores por publica{\c{c}}{\~{a}}o, redes de coautoria com baixa densidade, um maior n{\'{u}}mero de componentes nos primeiros anos do programa e autores com alta produtividade, por{\'{e}}m, com baixa centralidade de grau. Acredita-se que a an{\'{a}}lise e discuss{\~{a}}o dos resultados apresentados nesse artigo alcan{\c{c}}aram o objetivo macro de diagnosticar a produ{\c{c}}{\~{a}}o bibliogr{\'{a}}fica do programa, em termos de colabora{\c{c}}{\~{a}}o cient{\'{i}}fica, e espera-se que seja uma ferramenta {\'{u}}til para tomada de decis{\~{a}}o em n{\'{i}}vel organizacional e individual.{\textless}/p{\textgreater}},
author = {Bordin, Andr{\'{e}}a Sabedra and Gon{\c{c}}alves, Alexandre Leopoldo and Todesco, Jos{\'{e}} Leomar},
doi = {10.1590/1981-5344/1796},
issn = {1413-9936},
journal = {Perspectivas em Ci{\^{e}}ncia da Informa{\c{c}}{\~{a}}o},
number = {2},
pages = {37--52},
title = {{An{\'{a}}lise da colabora{\c{c}}{\~{a}}o cient{\'{i}}fica departamental atrav{\'{e}}s de redes de coautoria}},
url = {http://www.scielo.br/scielo.php?script=sci{\_}arttext{\&}pid=S1413-99362014000200004{\&}lng=pt{\&}tlng=pt},
volume = {19},
year = {2014}
}

@article{Maia2008,
abstract = {Estudo bibliom{\'{e}}trico sobre redes de colabora{\c{c}}{\~{a}}o cient{\'{i}}fica entre os professores do Programa de P{\'{o}}s-Gradua{\c{c}}{\~{a}}o em Epidemiologia da Universidade Federal de Pelotas (PPGE/UFPel). As caracter{\'{i}}sticas de colabora{\c{c}}{\~{a}}o foram estudadas atrav{\'{e}}s das co-autorias dos artigos publicados em peri{\'{o}}dicos, no per{\'{i}}odo entre 1991 e 2002. As an{\'{a}}lises revelaram que os professores publicam mais artigos em autoria compartilhada do que individual. N{\~{a}}o foi encontrada rela{\c{c}}{\~{a}}o entre o aumento da produtividade e um n{\'{u}}mero maior de colaboradores, pois a taxa de produtividade e a taxa de autores por artigo n{\~{a}}o apresentam a mesma tend{\^{e}}ncia; ou seja, o n{\'{u}}mero de artigos publicados cresceu enquanto que o n{\'{u}}mero de colaboradores permaneceu constante no per{\'{i}}odo estudado. As an{\'{a}}lises de redes sociais revelaram uma configura{\c{c}}{\~{a}}o em torno dos professores mais produtivos.},
author = {Maia, Maria De F{\'{a}}tima S. and Caregnato, S{\^{o}}nia Elisa},
doi = {10.1590/S1413-99362008000200003},
issn = {1413-9936},
journal = {Perspectivas em Ci{\^{e}}ncia da Informa{\c{c}}{\~{a}}o},
pages = {18--31},
title = {{Co-autoria como indicador de redes de colabora{\c{c}}{\~{a}}o cient{\'{i}}fica}},
volume = {13},
year = {2008}
}

@article{Silva2006,
abstract = {{\textless}p{\textgreater}Este artigo apresenta a An{\'{a}}lise de Redes Sociais (ARS) como um m{\'{e}}todo a ser aplicado em estudos na ci{\^{e}}ncia da informa{\c{c}}{\~{a}}o (CI), inclusive para a compreens{\~{a}}o da estrutura{\c{c}}{\~{a}}o da pesquisa nessa {\'{a}}rea do conhecimento. Esta {\'{e}}, normalmente, apresentada como uma {\'{a}}rea do conhecimento interdisciplinar, e as diferentes linhas de pesquisa existentes nos Programas de P{\'{o}}s-Gradua{\c{c}}{\~{a}}o, no Brasil, recebem influ{\^{e}}ncias de diferentes {\'{a}}reas do conhecimento. A aplica{\c{c}}{\~{a}}o da ARS no estudo da rede de co-autoria dos professores do PPGCI/UFMG permite tanto a apresenta{\c{c}}{\~{a}}o do m{\'{e}}todo, quanto a obten{\c{c}}{\~{a}}o de resultados emp{\'{i}}ricos para alimentar a discuss{\~{a}}o sobre a CI. As redes de colabora{\c{c}}{\~{a}}o entre os professores refletem, em tese, a participa{\c{c}}{\~{a}}o em programas de pesquisa da {\'{a}}rea. A colabora{\c{c}}{\~{a}}o entre professores das diferentes linhas se relaciona com a integra{\c{c}}{\~{a}}o das diferentes interdisciplinaridades que elas apresentam. O artigo exp{\~{o}}e, inicialmente, uma discuss{\~{a}}o sobre a interdisciplinaridade na CI; em seguida d{\'{a}} uma vis{\~{a}}o geral da ARS e apresenta estudos da {\'{a}}rea, destacando-se a an{\'{a}}lise de redes de co-autoria. Finalmente, descreve-se a metodologia da pesquisa e os principais resultados obtidos da ARS. A conclus{\~{a}}o destaca os resultados e refor{\c{c}}a a import{\^{a}}ncia da ARS como m{\'{e}}todo para a CI, o qual pode ser explorado com sucesso, inclusive em pesquisas sobre redes de co-autoria e interdisciplinaridade.{\textless}/p{\textgreater}},
author = {Silva, Antonio Braz de Oliveira e and Matheus, Renato Fabiano and Parreiras, Fernando Silva and Parreiras, Tatiane A. Silva},
doi = {10.1590/S0100-19652006000100009},
issn = {0100-1965},
journal = {Ci{\^{e}}ncia da Informa{\c{c}}{\~{a}}o},
month = {apr},
number = {1},
pages = {72--93},
publisher = {IBICT},
title = {{An{\'{a}}lise de redes sociais como metodologia de apoio para a discuss{\~{a}}o da interdisciplinaridade na ci{\^{e}}ncia da informa{\c{c}}{\~{a}}o}},
url = {http://www.scielo.br/scielo.php?script=sci{\_}arttext{\&}pid=S0100-19652006000100009{\&}lng=pt{\&}tlng=pt},
volume = {35},
year = {2006}
}


